<record><leader>00000cas a2200000 a 4500</leader><controlfield tag="001">15524097</controlfield><controlfield tag="008">870413u1uuuuuuutxuwr ne      0    0spa c</controlfield><datafield ind1=" " ind2=" " tag="010"><subfield code="a">sn 87055540 </subfield></datafield><datafield ind1=" " ind2=" " tag="040"><subfield code="a">NPI</subfield><subfield code="b">eng</subfield><subfield code="c">NPI</subfield><subfield code="d">CNK</subfield><subfield code="d">OCLCQ</subfield><subfield code="d">IUL</subfield><subfield code="d">DLC</subfield><subfield code="d">OCLCQ</subfield><subfield code="d">OCLCF</subfield><subfield code="d">IUL</subfield><subfield code="d">DLC</subfield></datafield><datafield ind1=" " ind2=" " tag="042"><subfield code="a">pcc</subfield></datafield><datafield ind1=" " ind2=" " tag="043"><subfield code="a">n-us-tx</subfield></datafield><datafield ind1="0" ind2="0" tag="050"><subfield code="a">Newspaper</subfield></datafield><datafield ind1="0" ind2=" " tag="130"><subfield code="a">Progresista (El Paso, Tex.)</subfield></datafield><datafield ind1="1" ind2="3" tag="245"><subfield code="a">El progresista.</subfield></datafield><datafield ind1=" " ind2=" " tag="260"><subfield code="a">El Paso, TX :</subfield><subfield code="b">Lauro Aguirre</subfield></datafield><datafield ind1=" " ind2=" " tag="300"><subfield code="a">volumes</subfield></datafield><datafield ind1=" " ind2=" " tag="310"><subfield code="a">Weekly</subfield></datafield><datafield ind1=" " ind2=" " tag="500"><subfield code="a">Microfilm published by BMI Imaging Systems; issued in series: Chicano serials collection.</subfield></datafield><datafield ind1=" " ind2=" " tag="500"><subfield code="a">"Perio&#769;dico, co&#769;smopolita, liberal, independiente e&#769; imparcial."</subfield></datafield><datafield ind1=" " ind2=" " tag="588"><subfield code="a">Description based on: 2.a e&#769;poca, an&#771;o 7, no. 37 (jun. 17 de 1901).</subfield></datafield><datafield ind1=" " ind2="0" tag="650"><subfield code="a">Mexicans</subfield><subfield code="z">Texas</subfield><subfield code="z">El Paso</subfield><subfield code="v">Newspapers.</subfield></datafield><datafield ind1=" " ind2="0" tag="651"><subfield code="a">El Paso (Tex.)</subfield><subfield code="v">Newspapers.</subfield></datafield><datafield ind1=" " ind2="7" tag="650"><subfield code="a">Mexicans.</subfield><subfield code="2">fast</subfield><subfield code="0">(OCoLC)fst01019244</subfield></datafield><datafield ind1=" " ind2="7" tag="651"><subfield code="a">Texas</subfield><subfield code="z">El Paso.</subfield><subfield code="2">fast</subfield><subfield code="0">(OCoLC)fst01206678</subfield></datafield><datafield ind1=" " ind2="7" tag="655"><subfield code="a">Newspapers.</subfield><subfield code="2">fast</subfield><subfield code="0">(OCoLC)fst01423814</subfield></datafield><datafield ind1=" " ind2=" " tag="752"><subfield code="a">United States</subfield><subfield code="b">Texas</subfield><subfield code="c">El Paso</subfield><subfield code="d">El Paso.</subfield></datafield><datafield ind1="0" ind2="8" tag="776"><subfield code="i">Online version:</subfield><subfield code="t">Progresista (El Paso, Tex.)</subfield><subfield code="w">(OCoLC)744466019</subfield></datafield><datafield ind1="0" ind2="0" tag="780"><subfield code="t">Independiente (El Paso, Tex.)</subfield><subfield code="x">2575-4327</subfield><subfield code="w">(DLC)sn 87055539</subfield><subfield code="w">(OCoLC)15524089</subfield></datafield><datafield ind1="4" ind2="0" tag="856"><subfield code="u">http://infoweb.newsbank.com/?db=EANX&amp;s_browseRef=decades/11E5DFD2FA49D22E/all.xml</subfield></datafield><datafield ind1="1" ind2=" " tag="029"><subfield code="a">AU@</subfield><subfield code="b">000025826281</subfield></datafield></record>